%% This BibTeX bibliography file was created using BibDesk.
%% http://bibdesk.sourceforge.net/
%% Created for Jie Cheng at 2015-01-27 03:13:21 pm +0000 
%% Saved with string encoding Unicode (UTF-8) 

@article{Jung2013GPU,
  title={GPU-based real-time volumetric ultrasound image reconstruction for a ring array},
  author={Jung Woo, Choe and Amin, Nikoozadeh and Omer, Oralkan and Khuri-Yakub, Butrus T},
  journal={IEEE Transactions on Medical Imaging},
  volume={32},
  number={7},
  pages={1258-1264},
  year={2013},
}

@article{Yakang2010Real,
  title={Real-time visualized freehand 3D ultrasound reconstruction based on GPU},
  author={Yakang, Dai and Jie, Tian and Di, Dong and Guorui, Yan and Hairong, Zheng},
  journal={IEEE Transactions on Information Technology in Biomedicine},
  volume={14},
  number={6},
  pages={1338},
  year={2010},
}

@article{Garcia2016Accelerated,
  title={Accelerated GPU based SPECT Monte Carlo simulations},
  author={Garcia, Marie Paule and Bert, Julien and Benoit, Didier and Bardiès, Manuel and Visvikis, Dimitris},
  journal={Physics in Medicine \& Biology},
  volume={61},
  number={11},
  pages={4001-4018},
  year={2016},
}

@article{Cui2013Distributed,
  title={Distributed MLEM: An Iterative Tomographic Image Reconstruction Algorithm for Distributed Memory Architectures},
  author={Cui, J. and Pratx, G. and Meng, B. and Levin, C. S.},
  journal={IEEE Transactions on Medical Imaging},
  year={2013},
  volume={32},
  number={5},
  pages={957--67},
}

@article{Eklund2014BROCCOLI,
  title={BROCCOLI: Software for fast fMRI analysis on many-core CPUs and GPUs},
  author={Eklund, Anders and Dufort, Paul and Villani, Mattias and Laconte, Stephen},
  journal={Frontiers in Neuroinformatics},
  volume={8},
  pages={24},
  year={2014},
}

@article{Xanthis2014MRISIMUL,
  title={MRISIMUL: a GPU-based parallel approach to MRI simulations},
  author={Xanthis, Christos G, and Venetis, Ioannis E, and Chalkias, A V, and Aletras, Anthony H},
  journal={IEEE Transactions on Medical Imaging},
  volume={33},
  number={3},
  pages={607-617},
  year={2014},
}

@article{biguri2016tigre,
  title={TIGRE: a MATLAB-GPU toolbox for CBCT image reconstruction},
  author={Biguri, Ander and Dosanjh, Manjit and Hancock, Steven and Soleimani, Manuchehr},
  journal={Biomedical Physics \& Engineering Express},
  volume={2},
  number={5},
  pages={055010},
  year={2016},
  publisher={IOP Publishing}
}

@article{palenstijn2011performance,
  title={Performance improvements for iterative electron tomography reconstruction using graphics processing units (GPUs)},
  author={Palenstijn, WJ and Batenburg, KJ and Sijbers, J},
  journal={Journal of structural biology},
  volume={176},
  number={2},
  pages={250--253},
  year={2011},
  publisher={Elsevier}
}

@book{sprawls2000magnetic,
  title={Magnetic resonance imaging: principles, methods, and techniques},
  author={Sprawls, Perry},
  year={2000},
  address={Wisconsin, USA},
  publisher={Medical Physics Publishing}
}

@book{haidekker2013medical,
  title={Medical imaging technology},
  author={Haidekker, Mark A},
  year={2013},
  address={New York, USA},
  publisher={Springer}
}

@article{wang2016magnetic,
  title={Magnetic resonance fingerprinting with compressed sensing and distance metric learning},
  author={Wang, Zhe and Li, Hongsheng and Zhang, Qinwei and Yuan, Jing and Wang, Xiaogang},
  journal={Neurocomputing},
  volume={174},
  pages={560--570},
  year={2016},
  publisher={Elsevier}
}

@article{pierre2016multiscale,
  title={Multiscale reconstruction for MR fingerprinting},
  author={Pierre, Eric Y and Ma, Dan and Chen, Yong and Badve, Chaitra and Griswold, Mark A},
  journal={Magnetic Resonance in Medicine},
  volume={75},
  number={6},
  pages={2481--2492},
  year={2016},
  publisher={Wiley Online Library}
}

@article{zhao2016maximum,
  title={Maximum likelihood reconstruction for magnetic resonance fingerprinting},
  author={Zhao, Bo and Setsompop, Kawin and Ye, Huihui and Cauley, Stephen F and Wald, Lawrence L},
  journal={IEEE Transactions on medical imaging},
  volume={35},
  number={8},
  pages={1812--1823},
  year={2016},
  publisher={IEEE}
}

@article{lingala2013blind,
  title={Blind compressive sensing dynamic MRI},
  author={Lingala, Sajan Goud and Jacob, Mathews},
  journal={IEEE Transactions on medical imaging},
  volume={32},
  number={6},
  pages={1132--1145},
  year={2013},
  publisher={IEEE}
}

@article{ravishankar2017low,
  title={Low-rank and adaptive sparse signal (LASSI) models for highly accelerated dynamic imaging},
  author={Ravishankar, Saiprasad and Moore, Brian E and Nadakuditi, Raj Rao and Fessler, Jeffrey A},
  journal={IEEE Transactions on medical imaging},
  volume={36},
  number={5},
  pages={1116--1128},
  year={2017},
  publisher={IEEE}
}

@article{wang2013compressed,
  title={Compressed sensing dynamic cardiac cine MRI using learned spatiotemporal dictionary},
  author={Wang, Yanhua and Ying, Leslie},
  journal={IEEE Transactions on Biomedical Engineering},
  volume={61},
  number={4},
  pages={1109--1120},
  year={2013},
  publisher={IEEE}
}

@article{caballero2014dictionary,
  title={Dictionary learning and time sparsity for dynamic MR data reconstruction},
  author={Caballero, Jose and Price, Anthony N and Rueckert, Daniel and Hajnal, Joseph V},
  journal={IEEE Transactions on medical imaging},
  volume={33},
  number={4},
  pages={979--994},
  year={2014},
  publisher={IEEE}
}

@article{majumdar2015real,
  title={Real-time dynamic MRI reconstruction using stacked denoising autoencoder},
  author={Majumdar, Angshul},
  journal={arXiv preprint arXiv:1503.06383},
  year={2015}
}

@article{ke2019crdn,
  title={CRDN: Cascaded Residual Dense Networks for Dynamic MR Imaging with Edge-enhanced Loss Constraint},
  author={Ke, Ziwen and Wang, Shanshan and Cheng, Huitao and Ying, Leslie and Liu, Qiegen and Zheng, Hairong and Liang, Dong},
  journal={arXiv},
  pages={1901.06111},
  year={2019}
}

@article{wang2018dimension,
  title={Dimension: Dynamic mr imaging with both k-space and spatial prior knowledge obtained via multi-supervised network training},
  author={Wang, Shanshan and Ke, Ziwen and Cheng, Huitao and Jia, Sen and Leslie, Ying and Zheng, Hairong and Liang, Dong},
  journal={arXiv},
  pages={1810.00302},
  year={2018}
}

@article{qin2018convolutional,
  title={Convolutional recurrent neural networks for dynamic MR image reconstruction},
  author={Qin, Chen and Schlemper, Jo and Caballero, Jose and Price, Anthony N and Hajnal, Joseph V and Rueckert, Daniel},
  journal={IEEE Transactions on medical imaging},
  volume={38},
  number={1},
  pages={280--290},
  year={2018},
  publisher={IEEE}
}

@article{ongie2016off,
  title={Off-the-grid recovery of piecewise constant images from few Fourier samples},
  author={Ongie, Greg and Jacob, Mathews},
  journal={SIAM journal on imaging sciences},
  volume={9},
  number={3},
  pages={1004--1041},
  year={2016},
  publisher={SIAM}
}

@article{lee2016acceleration,
  title={Acceleration of MR parameter mapping using annihilating filter-based low rank hankel matrix (ALOHA)},
  author={Lee, Dongwook and Jin, Kyong Hwan and Kim, Eung Yeop and Park, Sung-Hong and Ye, Jong Chul},
  journal={Magnetic Resonance in Medicine},
  volume={76},
  number={6},
  pages={1848--1864},
  year={2016},
  publisher={Wiley Online Library}
}

@article{jin2016general,
  title={A general framework for compressed sensing and parallel MRI using annihilating filter based low-rank Hankel matrix},
  author={Jin, Kyong Hwan and Lee, Dongwook and Ye, Jong Chul},
  journal={IEEE Transactions on Computational Imaging},
  volume={2},
  number={4},
  pages={480--495},
  year={2016},
  publisher={IEEE}
}

@article{haldar2013low,
  title={Low-rank modeling of local $ k $-space neighborhoods (LORAKS) for constrained MRI},
  author={Haldar, Justin P},
  journal={IEEE Transactions on medical imaging},
  volume={33},
  number={3},
  pages={668--681},
  year={2013},
  publisher={IEEE}
}

@article{shin2014calibrationless,
  title={Calibrationless parallel imaging reconstruction based on structured low-rank matrix completion},
  author={Shin, Peter J and Larson, Peder EZ and Ohliger, Michael A and Elad, Michael and Pauly, John M and Vigneron, Daniel B and Lustig, Michael},
  journal={Magnetic Resonance in Medicine},
  volume={72},
  number={4},
  pages={959--970},
  year={2014},
  publisher={Wiley Online Library}
}

@article{zhao2012image,
  title={Image reconstruction from highly undersampled (k, t)-space data with joint partial separability and sparsity constraints},
  author={Zhao, Bo and Haldar, Justin P and Christodoulou, Anthony G and Liang, Zhi-Pei},
  journal={IEEE Transactions on medical imaging},
  volume={31},
  number={9},
  pages={1809--1820},
  year={2012},
  publisher={IEEE}
}

@article{candes2009exact,
  title={Exact matrix completion via convex optimization},
  author={Cand{\`e}s, Emmanuel J and Recht, Benjamin},
  journal={Foundations of Computational mathematics},
  volume={9},
  number={6},
  pages={717--772},
  year={2009},
  publisher={Springer}
}

@article{jung2007improved,
  title={Improved k--t BLAST and k--t SENSE using FOCUSS},
  author={Jung, Hong and Ye, Jong Chul and Kim, Eung Yeop},
  journal={Physics in Medicine \& Biology},
  volume={52},
  number={11},
  pages={3201--3226},
  year={2007},
  publisher={IOP Publishing}
}

@article{wen2017frist,
  title={FRIST—flipping and rotation invariant sparsifying transform learning and applications},
  author={Wen, Bihan and Ravishankar, Saiprasad and Bresler, Yoram},
  journal={Inverse Problems},
  volume={33},
  number={7},
  pages={074007},
  year={2017},
  publisher={IOP Publishing}
}

@article{wen2018power,
  title={The power of complementary regularizers: Image recovery via transform learning and low-rank modeling},
  author={Wen, Bihan and Li, Yanjun and Bresler, Yoram},
  journal={arXiv},
  pages = {1808.01316},
  year={2018}
}

@article{wen2019transform,
  title={Transform Learning for Magnetic Resonance Image Reconstruction: From Model-based Learning to Building Neural Networks},
  author={Wen, Bihan and Ravishankar, Saiprasad and Pfister, Luke and Bresler, Yoram},
  journal={arXiv},
  pages = {1903.11431},
  year={2019}
}

@article{ravishankar2015efficient,
  title={Efficient blind compressed sensing using sparsifying transforms with convergence guarantees and application to magnetic resonance imaging},
  author={Ravishankar, Saiprasad and Bresler, Yoram},
  journal={SIAM Journal on Imaging Sciences},
  volume={8},
  number={4},
  pages={2519--2557},
  year={2015},
  publisher={SIAM}
}

@article{ravishankar2016data,
  title={Data-driven learning of a union of sparsifying transforms model for blind compressed sensing},
  author={Ravishankar, Saiprasad and Bresler, Yoram},
  journal={IEEE Transactions on Computational Imaging},
  volume={2},
  number={3},
  pages={294--309},
  year={2016},
  publisher={IEEE}
}

@article{adler2018learned,
  title={Learned primal-dual reconstruction},
  author={Adler, Jonas and {\"O}ktem, Ozan},
  journal={IEEE Transactions on medical imaging},
  volume={37},
  number={6},
  pages={1322--1332},
  year={2018},
  publisher={IEEE}
}

@article{gupta2018cnn,
  title={CNN-based projected gradient descent for consistent CT image reconstruction},
  author={Gupta, Harshit and Jin, Kyong Hwan and Nguyen, Ha Q and McCann, Michael T and Unser, Michael},
  journal={IEEE Transactions on medical imaging},
  volume={37},
  number={6},
  pages={1440--1453},
  year={2018},
  publisher={IEEE}
}

@inproceedings{gregor2010learning,
  title={Learning fast approximations of sparse coding},
  author={Gregor, Karol and LeCun, Yann},
  booktitle={Proceedings of the 27th International Conference on International Conference on Machine Learning},
  pages={399--406},
  year={2010},
  address={Haifa, Israel},
  publisher={Omnipress}
}

@article{lee2019k,
  title={k-Space deep learning for reference-free EPI ghost correction},
  author={Lee, Juyoung and Han, Yoseob and Ryu, Jae-Kyun and Park, Jang-Yeon and Ye, Jong Chul},
  journal={Magnetic Resonance in Medicine},
  volume={82},
  number={6},
  pages={2299--2313},
  year={2019},
  publisher={Wiley Online Library}
}

@article{han2019k,
  title={k-Space Deep Learning for Accelerated MRI},
  author={Han, Yoseob and Ye, Jong Chul},
  journal={arXiv},
  pages={1805.03779},
  year={2018}
}

@article{zhu2018image,
  title={Image reconstruction by domain-transform manifold learning},
  author={Zhu, Bo and Liu, Jeremiah Z and Cauley, Stephen F and Rosen, Bruce R and Rosen, Matthew S},
  journal={Nature},
  volume={555},
  number={7697},
  pages={487-492},
  year={2018},
  publisher={Nature Publishing Group}
}

@article{han2018deep,
  title={Deep learning with domain adaptation for accelerated projection-reconstruction MR},
  author={Han, Yoseob and Yoo, Jaejun and Kim, Hak Hee and Shin, Hee Jung and Sung, Kyunghyun and Ye, Jong Chul},
  journal={Magnetic Resonance in Medicine},
  volume={80},
  number={3},
  pages={1189--1205},
  year={2018},
  publisher={Wiley Online Library}
}

@article{lee2018deep,
  title={Deep residual learning for accelerated MRI using magnitude and phase networks},
  author={Lee, Dongwook and Yoo, Jaejun and Tak, Sungho and Ye, Jong Chul},
  journal={IEEE Transactions on Biomedical Engineering},
  volume={65},
  number={9},
  pages={1985--1995},
  year={2018},
  publisher={IEEE}
}

@inproceedings{wang2016accelerating,
  title={Accelerating magnetic resonance imaging via deep learning},
  author={Wang, Shanshan and Su, Zhenghang and Ying, Leslie and Peng, Xi and Zhu, Shun and Liang, Feng and Feng, Dagan and Liang, Dong},
  booktitle={2016 IEEE 13th International Symposium on Biomedical Imaging (ISBI)},
  pages={514--517},
  year={2016},
  address={Prague, Czech Republic},
  publisher={IEEE}
}

@article{jin2017deep,
  title={Deep convolutional neural network for inverse problems in imaging},
  author={Jin, Kyong Hwan and McCann, Michael T and Froustey, Emmanuel and Unser, Michael},
  journal={IEEE Transactions on Image Processing},
  volume={26},
  number={9},
  pages={4509--4522},
  year={2017},
  publisher={IEEE}
}

@article{schmidhuber2015deep,
  title={Deep learning in neural networks: An overview},
  author={Schmidhuber, J{\"u}rgen},
  journal={Neural networks},
  volume={61},
  pages={85--117},
  year={2015},
  publisher={Elsevier}
}

@article{lecun2015deep,
  title={Deep learning},
  author={LeCun, Yann and Bengio, Yoshua and Hinton, Geoffrey},
  journal={nature},
  volume={521},
  number={7553},
  pages={436--444},
  year={2015},
  publisher={Nature Publishing Group}
}

@article{schlemper2017deep,
  title={A deep cascade of convolutional neural networks for dynamic MR image reconstruction},
  author={Schlemper, Jo and Caballero, Jose and Hajnal, Joseph V and Price, Anthony N and Rueckert, Daniel},
  journal={IEEE Transactions on Medical Imaging},
  volume={37},
  number={2},
  pages={491--503},
  year={2017},
  publisher={IEEE}
}

@article{ye2019compressed,
  title={Compressed sensing MRI: a review from signal processing perspective},
  author={Ye, Jong Chul},
  journal={BMC Biomedical Engineering},
  volume={1},
  number={8},
  pages={1--17},
  year={2019},
  publisher={BioMed Central}
}

@article{ravishankar2019image,
  title={Image Reconstruction: From Sparsity to Data-adaptive Methods and Machine Learning},
  author={Ravishankar, Saiprasad and Ye, Jong Chul and Fessler, Jeffrey A},
  journal={arXiv},
  pages={1904.02816},
  year={2019}
}

@article{ravishankar2017efficient,
  title={Efficient sum of outer products dictionary learning (SOUP-DIL) and its application to inverse problems},
  author={Ravishankar, Saiprasad and Nadakuditi, Raj Rao and Fessler, Jeffrey A},
  journal={IEEE Transactions on computational imaging},
  volume={3},
  number={4},
  pages={694--709},
  year={2017},
  publisher={IEEE}
}

@article{liu2017mri,
  title={MRI reconstruction using a joint constraint in patch-based total variational framework},
  author={Liu, Shujun and Cao, Jianxin and Liu, Hongqing and Shen, Xiaodong and Zhang, Kui and Wang, Pin},
  journal={Journal of Visual Communication and Image Representation},
  volume={46},
  pages={150--164},
  year={2017},
  publisher={Elsevier}
}

@article{rubinstein2009double,
  title={Double sparsity: Learning sparse dictionaries for sparse signal approximation},
  author={Rubinstein, Ron and Zibulevsky, Michael and Elad, Michael},
  journal={IEEE Transactions on signal processing},
  volume={58},
  number={3},
  pages={1553--1564},
  year={2009},
  publisher={IEEE}
}

@article{bruckstein2009sparse,
  title={From sparse solutions of systems of equations to sparse modeling of signals and images},
  author={Bruckstein, Alfred M and Donoho, David L and Elad, Michael},
  journal={SIAM review},
  volume={51},
  number={1},
  pages={34--81},
  year={2009},
  publisher={SIAM}
}

@article{mairal2010online,
  title={Online learning for matrix factorization and sparse coding},
  author={Mairal, Julien and Bach, Francis and Ponce, Jean and Sapiro, Guillermo},
  journal={Journal of Machine Learning Research},
  volume={11},
  number={1},
  pages={19--60},
  year={2010}
}

@article{gleichman2011blind,
  title={Blind compressed sensing},
  author={Gleichman, Sivan and Eldar, Yonina C},
  journal={IEEE Transactions on Information Theory},
  volume={57},
  number={10},
  pages={6958--6975},
  year={2011},
  publisher={IEEE}
}

@inproceedings{peyre2008non,
  title={Non-local regularization of inverse problems},
  author={Peyr{\'e}, Gabriel and Bougleux, S{\'e}bastien and Cohen, Laurent},
  booktitle={European Conference on Computer Vision},
  pages={57--68},
  year={2008},
  address={Marseille, France},
  publisher={Springer}
}

@article{lou2010image,
  title={Image recovery via nonlocal operators},
  author={Lou, Yifei and Zhang, Xiaoqun and Osher, Stanley and Bertozzi, Andrea},
  journal={Journal of Scientific Computing},
  volume={42},
  number={2},
  pages={185--197},
  year={2010},
  publisher={Springer}
}

@article{gilboa2008nonlocal,
  title={Nonlocal operators with applications to image processing},
  author={Gilboa, Guy and Osher, Stanley},
  journal={Multiscale Modeling \& Simulation},
  volume={7},
  number={3},
  pages={1005--1028},
  year={2008},
  publisher={SIAM}
}

@article{dabov2007image,
  title={Image denoising by sparse 3-D transform-domain collaborative filtering},
  author={Dabov, Kostadin and Foi, Alessandro and Katkovnik, Vladimir and Egiazarian, Karen},
  journal={IEEE Transactions on image processing},
  volume={16},
  number={8},
  pages={2080--2095},
  year={2007},
  publisher={IEEE}
}

@article{eksioglu2016decoupled,
  title={Decoupled algorithm for MRI reconstruction using nonlocal block matching model: BM3D-MRI},
  author={Eksioglu, Ender M},
  journal={Journal of Mathematical Imaging and Vision},
  volume={56},
  number={3},
  pages={430--440},
  year={2016},
  publisher={Springer}
}

@article{akccakaya2011low,
  title={Low-dimensional-structure self-learning and thresholding: regularization beyond compressed sensing for MRI reconstruction},
  author={Ak{\c{c}}akaya, Mehmet and Basha, Tamer A and Goddu, Beth and Goepfert, Lois A and Kissinger, Kraig V and Tarokh, Vahid and Manning, Warren J and Nezafat, Reza},
  journal={Magnetic Resonance in Medicine},
  volume={66},
  number={3},
  pages={756--767},
  year={2011},
  publisher={Wiley Online Library}
}

@article{liang2011sensitivity,
  title={Sensitivity encoding reconstruction with nonlocal total variation regularization},
  author={Liang, Dong and Wang, Haifeng and Chang, Yuchou and Ying, Leslie},
  journal={Magnetic Resonance in Medicine},
  volume={65},
  number={5},
  pages={1384--1392},
  year={2011},
  publisher={Wiley Online Library}
}

@article{qu2014magnetic,
  title={Magnetic resonance image reconstruction from undersampled measurements using a patch-based nonlocal operator},
  author={Qu, Xiaobo and Hou, Yingkun and Lam, Fan and Guo, Di and Zhong, Jianhui and Chen, Zhong},
  journal={Medical image analysis},
  volume={18},
  number={6},
  pages={843--856},
  year={2014},
  publisher={Elsevier}
}

@article{chen2014exploiting,
  title={Exploiting the wavelet structure in compressed sensing MRI},
  author={Chen, Chen and Huang, Junzhou},
  journal={Magnetic resonance imaging},
  volume={32},
  number={10},
  pages={1377--1389},
  year={2014},
  publisher={Elsevier}
}

@article{qu2010iterative,
  title={Iterative thresholding compressed sensing MRI based on contourlet transform},
  author={Qu, Xiaobo and Zhang, Weiru and Guo, Di and Cai, Congbo and Cai, Shuhui and Chen, Zhong},
  journal={Inverse Problems in Science and Engineering},
  volume={18},
  number={6},
  pages={737--758},
  year={2010},
  publisher={Taylor \& Francis}
}

@article{qu2010combined,
  title={Combined sparsifying transforms for compressed sensing MRI},
  author={Qu, Xiaobo and Cao, Xue and Guo, Di and Hu, Changwei and Chen, Zhong},
  journal={Electronics letters},
  volume={46},
  number={2},
  pages={121--123},
  year={2010},
  publisher={IET}
}

@article{candes2000curvelets,
  title={Continuous curvelet transform: I. Resolution of the wavefront set},
  author={Cand{\`e}s, Emmanuel J and Donoho, David L},
  journal={Applied and Computational Harmonic Analysis},
  volume={19},
  number={2},
  pages={162--197},
  year={2005},
  publisher={Elsevier}
}

@article{do2005contourlet,
  title={The contourlet transform: an efficient directional multiresolution image representation},
  author={Do, Minh N and Vetterli, Martin},
  journal={IEEE Transactions on image processing},
  volume={14},
  number={12},
  pages={2091--2106},
  year={2005},
  publisher={IEEE}
}

@article{stankovic2003haar,
  title={The Haar wavelet transform: its status and achievements},
  author={Stankovi{\'c}, Radomir S and Falkowski, Bogdan J},
  journal={Computers \& Electrical Engineering},
  volume={29},
  number={1},
  pages={25--44},
  year={2003},
  publisher={Elsevier}
}

@article{bredies2010total,
  title={Total generalized variation},
  author={Bredies, Kristian and Kunisch, Karl and Pock, Thomas},
  journal={SIAM Journal on Imaging Sciences},
  volume={3},
  number={3},
  pages={492--526},
  year={2010},
  publisher={SIAM}
}

@article{kressler2007three,
  title={Three-dimensional cine imaging using variable-density spiral trajectories and SSFP with application to coronary artery angiography},
  author={Kressler, Bryan and Spincemaille, Pascal and Nguyen, Thanh D and Cheng, Liuquan and Xi Hai, Zhao and Prince, Martin R and Wang, Yi},
  journal={Magnetic Resonance in Medicine},
  volume={58},
  number={3},
  pages={535--543},
  year={2007},
  publisher={Wiley Online Library}
}

@article{karampinos2009high,
  title={High-resolution diffusion tensor imaging of the human pons with a reduced field-of-view, multishot, variable-density, spiral acquisition at 3 T},
  author={Karampinos, Dimitrios C and Van, Anh T and Olivero, William C and Georgiadis, John G and Sutton, Bradley P},
  journal={Magnetic Resonance in Medicine},
  volume={62},
  number={4},
  pages={1007--1016},
  year={2009},
  publisher={Wiley Online Library}
}

@article{santos2006single,
  title={Single breath-hold whole-heart MRA using variable-density spirals at 3T},
  author={Santos, Juan M and Cunningham, Charles H and Lustig, Michael and Hargreaves, Brian A and Hu, Bob S and Nishimura, Dwight G and Pauly, John M},
  journal={Magnetic Resonance in Medicine},
  volume={55},
  number={2},
  pages={371--379},
  year={2006},
  publisher={Wiley Online Library}
}

@article{holland2013compressed,
  title={Compressed sensing reconstruction improves sensitivity of variable density spiral fMRI},
  author={Holland, DJ and Liu, C and Song, X and Mazerolle, EL and Stevens, MT and Sederman, AJ and Gladden, LF and D'Arcy, RCN and Bowen, CV and Beyea, SD},
  journal={Magnetic Resonance in Medicine},
  volume={70},
  number={6},
  pages={1634--1643},
  year={2013},
  publisher={Wiley Online Library}
}

@article{glover1992projection,
  title={Projection reconstruction techniques for reduction of motion effects in MRI},
  author={Glover, Gary H and Pauly, John M},
  journal={Magnetic Resonance in Medicine},
  volume={28},
  number={2},
  pages={275--289},
  year={1992},
  publisher={Wiley Online Library}
}

@article{gai1996correction,
  title={Correction of motion artifacts in linogram and projection reconstruction MRI using geometry and consistency constraints},
  author={Gai, Neville and Axel, Leon},
  journal={Medical physics},
  volume={23},
  number={2},
  pages={251--262},
  year={1996},
  publisher={Wiley Online Library}
}

@article{meyer1992fast,
  title={Fast spiral coronary artery imaging},
  author={Meyer, Craig H and Hu, Bob S and Nishimura, Dwight G and Macovski, Albert},
  journal={Magnetic Resonance in Medicine},
  volume={28},
  number={2},
  pages={202--213},
  year={1992},
  publisher={Wiley Online Library}
}

@article{liang2009accelerating,
  title={Accelerating SENSE using compressed sensing},
  author={Liang, Dong and Liu, Bo and Wang, Jiunjie and Ying, Leslie},
  journal={Magnetic Resonance in Medicine},
  volume={62},
  number={6},
  pages={1574--1584},
  year={2009},
  publisher={Wiley Online Library}
}

@article{block2007undersampled,
  title={Undersampled radial MRI with multiple coils. Iterative image reconstruction using a total variation constraint},
  author={Block, Kai Tobias and Uecker, Martin and Frahm, Jens},
  journal={Magnetic Resonance in Medicine},
  volume={57},
  number={6},
  pages={1086--1098},
  year={2007},
  publisher={Wiley Online Library}
}

@article{easley2008sparse,
  title={Sparse directional image representations using the discrete shearlet transform},
  author={Easley, Glenn and Labate, Demetrio and Lim, Wang-Q},
  journal={Applied and Computational Harmonic Analysis},
  volume={25},
  number={1},
  pages={25--46},
  year={2008},
  publisher={Elsevier}
}

@article{beck2009fast,
  title={Fast gradient-based algorithms for constrained total variation image denoising and deblurring problems},
  author={Beck, Amir and Teboulle, Marc},
  journal={IEEE Transactions on image processing},
  volume={18},
  number={11},
  pages={2419--2434},
  year={2009},
  publisher={IEEE}
}

@inproceedings{ji2009accelerated,
  title={An accelerated gradient method for trace norm minimization},
  author={Ji, Shuiwang and Ye, Jieping},
  booktitle={Proceedings of the 26th annual international conference on machine learning},
  pages={457--464},
  year={2009},
  address={Montreal, Quebec, Canada},
  publisher={ACM}
}

@article{powell1977restart,
  title={Restart procedures for the conjugate gradient method},
  author={Powell, Michael James David},
  journal={Mathematical programming},
  volume={12},
  number={1},
  pages={241--254},
  year={1977},
  publisher={Springer}
}

@article{ramani2010parallel,
  title={Parallel MR image reconstruction using augmented Lagrangian methods},
  author={Ramani, Sathish and Fessler, Jeffrey A},
  journal={IEEE Transactions on Medical Imaging},
  volume={30},
  number={3},
  pages={694--706},
  year={2010},
  publisher={IEEE}
}

@article{boyd2011distributed,
  title={Distributed optimization and statistical learning via the alternating direction method of multipliers},
  author={Boyd, Stephen and Parikh, Neal and Chu, Eric and Peleato, Borja and Eckstein, Jonathan and others},
  journal={Foundations and Trends{\textregistered} in Machine learning},
  volume={3},
  number={1},
  pages={1--122},
  year={2011},
  publisher={Now Publishers, Inc.}
}

@article{yang2011alternating,
  title={Alternating direction algorithms for l1-problems in compressive sensing},
  author={Yang, Junfeng and Zhang, Yin},
  journal={SIAM journal on scientific computing},
  volume={33},
  number={1},
  pages={250--278},
  year={2011},
  publisher={SIAM}
}

@article{chen2001atomic,
  title={Atomic decomposition by basis pursuit},
  author={Chen, Scott Shaobing and Donoho, David L and Saunders, Michael A},
  journal={SIAM review},
  volume={43},
  number={1},
  pages={129--159},
  year={2001},
  publisher={SIAM}
}

@article{tropp2006just,
  title={Just relax: Convex programming methods for identifying sparse signals in noise},
  author={Tropp, Joel A},
  journal={IEEE Transactions on information theory},
  volume={52},
  number={3},
  pages={1030--1051},
  year={2006}
}

@article{gorodnitsky1997sparse,
  title={Sparse signal reconstruction from limited data using FOCUSS: A re-weighted minimum norm algorithm},
  author={Gorodnitsky, Irina F and Rao, Bhaskar D},
  journal={IEEE Transactions on signal processing},
  volume={45},
  number={3},
  pages={600--616},
  year={1997},
  publisher={IEEE}
}

@article{candes2008enhancing,
  title={Enhancing sparsity by reweighted l1 minimization},
  author={Cand{\`e}s, Emmanuel J and Wakin, Michael B and Boyd, Stephen P},
  journal={Journal of Fourier analysis and applications},
  volume={14},
  number={5-6},
  pages={877--905},
  year={2008},
  publisher={Springer}
}

@inproceedings{golbabaee2012hyperspectral,
  title={Hyperspectral image compressed sensing via low-rank and joint-sparse matrix recovery},
  author={Golbabaee, Mohammad and Vandergheynst, Pierre},
  booktitle={2012 IEEE International Conference on Acoustics, Speech and Signal Processing (ICASSP)},
  pages={2741--2744},
  year={2012},
  address={Kyoto, Japan},
  publisher={IEEE},
  organization={Ieee}
}

@inproceedings{quinsac2010compressed,
  title={Compressed sensing of ultrasound images: Sampling of spatial and frequency domains},
  author={Quinsac, C{\'e}line and Basarab, Adrian and Girault, Jean-Marc and Kouam{\'e}, Denis},
  booktitle={2010 IEEE Workshop On Signal Processing Systems},
  pages={231--236},
  year={2010},
  address={San Francisco, CA, USA},
  publisher={IEEE}
}

@article{xu2012low,
  title={Low-dose X-ray CT reconstruction via dictionary learning},
  author={Xu, Qiong and Yu, Hengyong and Mou, Xuanqin and Zhang, Lei and Hsieh, Jiang and Wang, Ge},
  journal={IEEE Transactions on medical imaging},
  volume={31},
  number={9},
  pages={1682--1697},
  year={2012},
  publisher={IEEE}
}

@article{herman2008high,
  title={High-resolution radar via compressed sensing},
  author={Herman, Matthew A and Strohmer, Thomas},
  journal={arXiv preprint arXiv:0803.2257},
  year={2008}
}

@article{choi2010compressed,
  title={Compressed sensing based cone-beam computed tomography reconstruction with a first-order method},
  author={Choi, Kihwan and Wang, Jing and Zhu, Lei and Suh, Tae-Suk and Boyd, Stephen and Xing, Lei},
  journal={Medical physics},
  volume={37},
  number={9},
  pages={5113--5125},
  year={2010},
  publisher={Wiley Online Library}
}

@article{wright2008robust,
  title={Robust face recognition via sparse representation},
  author={Wright, John and Yang, Allen Y and Ganesh, Arvind and Sastry, S Shankar and Ma, Yi},
  journal={IEEE Transactions on pattern analysis and machine intelligence},
  volume={31},
  number={2},
  pages={210--227},
  year={2008},
  publisher={IEEE}
}

@article{ssim,
  title={Image quality assessment: from error visibility to structural similarity},
  author={Wang, Zhou and Bovik, Alan C and Sheikh, Hamid R and Simoncelli, Eero P and others},
  journal={IEEE Transactions on image processing},
  volume={13},
  number={4},
  pages={600--612},
  year={2004}
}

@article{infimaltgv,
  title={Infimal convolution of total generalized variation functionals for dynamic MRI},
  author={Schloegl, Matthias and Holler, Martin and Schwarzl, Andreas and Bredies, Kristian and Stollberger, Rudolf},
  journal={Magnetic Resonance in Medicine},
  volume={78},
  number={1},
  pages={142--155},
  year={2017},
  publisher={Wiley Online Library}
}

@article{li,
  title={Multiparametric magnetic resonance imaging for predicting pathological response after the first cycle of neoadjuvant chemotherapy in breast cancer.},
  author={Li, Xia and Abramson, Richard G and Arlinghaus, Lori R and Kang, Hakmook and Chakravarthy, Anuradha Bapsi and Abramson, Vandana G and Farley, Jaime and Mayer, Ingrid A and Kelley, Mark C and Meszoely, Ingrid M and others},
  journal={Investigative Radiology},
  volume={50},
  number={4},
  pages={195--204},
  year={2015},
  publisher={NIH Public Access}
}

@book{haacke1999magnetic,
  title={Magnetic resonance imaging: physical principles and sequence design},
  author={Haacke, E Mark and Brown, Robert W and Thompson, Michael R and Venkatesan, Ramesh and others},
  year={1999},
  address={New York},
  publisher={Wiley-Liss},
}

@article{tremoulheac,
  title={Dynamic MR Image Reconstruction--Separation From Undersampled (k,t)-Space via Low-Rank Plus Sparse Prior},
  author={Tr{\'e}moulh{\'e}ac, Benjamin and Dikaios, Nikolaos and Atkinson, David and Arridge, Simon R},
  journal={IEEE Transactions on Medical Imaging},
  volume={33},
  number={8},
  pages={1689-1701},
  year={2014},
  publisher={IEEE},
}

@book{2009nmr,
  title={NMR核磁共振},
  author={乔梁 and 涂光忠},
  year={2009},
  publisher={化学工业出版社},
  address={北京},
}

@book{mrireview,
  title={核磁共振成像学},
  author={俎栋林},
  year={2004},
  address={北京},
  publisher={高等教育出版社},
}

@inproceedings{sharif2007adaptive,
  title={Adaptive real-time cardiac MRI using PARADISE: Validation by the physiologically improved NCAT phantom},
  author={Sharif, Behzad and Bresler, Yoram},
  booktitle={IEEE International Symposium on Biomedical Imaging: From Nano to Macro},
  pages={1020-1023},
  year={2007},
  publisher={IEEE},
  address={Arlington, TX, USA},
}

@article{segars2002study,
  title={Study of the efficacy of respiratory gating in myocardial SPECT using the new 4-D NCAT phantom},
  author={Segars, W Paul and Tsui, Benjamin MW},
  journal={IEEE Transactions on Nuclear Science},
  volume={49},
  number={3},
  pages={675--679},
  year={2002},
  publisher={IEEE}
}

@article{dual,
author = {Attouch, Hedy and Brézis, Haïm},
year = {1986},
month = {12},
pages = {125-133},
title = {Duality for the Sum of Convex Functions in General Banach Spaces},
volume = {34},
journal = {Aspects of Mathematics and Its Applications},
doi = {10.1016/S0924-6509(09)70252-1}
}

@article{zonoobi2014low,
  title={Low-rank and sparse matrix decomposition with a-priori knowledge for dynamic 3D MRI reconstruction},
  author={Zonoobi, Dornoosh and Roohi, Shahrooz Faghih and Kassim, Ashraf A},
  journal={arXiv preprint arXiv:1411.6206},
  year={2014}
}

@article{chen2017,
author = {Chen, Junbo and Liu, Shouyin and Huang, Min},
year = {2017},
month = {08},
pages = {1-9},
title = {Low-Rank and Sparse Decomposition Model for Accelerating Dynamic MRI Reconstruction},
volume = {2017},
journal = {Journal of Healthcare Engineering},
doi = {10.1155/2017/9856058}
}

@article{ma2016,
author = {Ma, J and Wang, X.-Y and Zhang, Z.-W and Liu, Y.-L},
year = {2016},
month = {01},
pages = {87-96},
title = {A total variation regularization low-rank and sparse matrix decomposition based reconstruction method of dynamic MRI images},
volume = {27},
doi = {10.16136/j.joel.2016.01.0558},
journal={Journal of Optoelectronics·Laser},
}

@inproceedings{lin2016,
author = {Lin, Xu-Xin and Xia, Liang-Yong and Liang, Yong and Huang, Haihui and Chai, Hua and Chan, Kuok-Fan},
year = {2016},
month = {12},
pages = {1-6},
title = {Low-rank and sparse matrix decomposition based on S1/2 and L1/2 regularizations in dynamic MRI},
booktitle={IPTA},
address={Oulu, Finland},
publisher={IEEE},
}

@article{yao2017,
author = {Yao, Jiawen and Xu, Zheng and Huang, Xiaolei and Huang, Junzhou},
year = {2017},
month = {11},
pages = {14-27},
title = {An Efficient Algorithm for Dynamic MRI Using Low-Rank and Total Variation Regularizations},
volume = {44},
journal = {Medical Image Analysis},
doi = {10.1016/j.media.2017.11.003}
}

@article{infimal,
author = {Gao, Yiming and Bredies, Kristian},
year = {2017},
month = {10},
pages = {2021-2063},
title = {Infimal Convolution of Oscillation Total Generalized Variation for the Recovery of Images with Structured Texture},
volume = {11},
number={3},
journal = {SIAM Journal on Imaging Sciences},
doi = {10.1137/17M1153960}
}

@article{deblur,
 author = {Ma, Liyan and Xu, Li and Zeng, Tieyong},
 title = {Low Rank Prior and Total Variation Regularization for Image Deblurring},
 journal = {J. Sci. Comput.},
 issue_date = {March     2017},
 volume = {70},
 number = {3},
 month = mar,
 year = {2017},
 issn = {0885-7474},
 pages = {1336-1357},
} 


@book{Meyer:2001:OPI:516207,
 author = {Meyer, Yves},
 title = {Oscillating Patterns in Image Processing and Nonlinear Evolution Equations: The Fifteenth Dean Jacqueline B. Lewis Memorial Lectures},
 year = {2001},
 isbn = {0821829203},
 publisher = {American Mathematical Society},
 address = {Boston, MA, USA},
} 

@inproceedings{prism,
author = {Gao, H},
year = {2012},
month = {10},
pages = {85060Y},
title = {Prior Rank, Intensity and Sparsity Model (PRISM): a divide-and-conquer matrix decomposition model with low-rank coherence and sparse variation},
volume = {8506},
journal = {Proceedings of SPIE - The International Society for Optical Engineering},
doi = {10.1117/12.957237}
}

@article{rank,
author = {Chandrasekaran, Venkat and Sanghavi, Sujay and A. Parrilo, Pablo and S. Willsky, Alan},
year = {2009},
month = {06},
pages = {572-596},
number = {2},
title = {Rank-Sparsity Incoherence for Matrix Decomposition},
volume = {21},
journal = {SIAM Journal on Optimization},
doi = {10.1137/090761793}
}

@article{rpca,
  title={Robust principal component analysis?},
  author={Cand{\`e}s, Emmanuel J and Li, Xiaodong and Ma, Yi and Wright, John},
  journal={Journal of the ACM (JACM)},
  volume={58},
  number={3},
  pages={1--37},
  year={2011},
  publisher={ACM}
}

@article{zhaobo,
author = {Zhao, Bo and P. Haldar, Justin and Christodoulou, Anthony and Liang, Zhi-Pei},
year = {2012},
month = {06},
pages = {1809-20},
title = {Image Reconstruction from Highly Undersampled (k, t)-Space Data with Joint Partial Separability and Sparsity Constraints},
volume = {31},
number={9},
journal = {IEEE Transactions on Medical Imaging},
doi = {10.1109/TMI.2012.2203921}
}

@article{dmrics,
author = {Gamper, Urs and Boesiger, Peter and Kozerke, Sebastian},
year = {2008},
month = {02},
pages = {365-73},
title = {Compressed sensing in dynamic MRI},
volume = {59},
number = {2},
journal = {Magnetic Resonance in Medicine},
doi = {10.1002/mrm.21477}
}

@inproceedings{kalman,
 author = {Chenlu Qiu and Wei Lu and Vaswani, Namrata},
 title = {Real-time Dynamic MR Image Reconstruction Using Kalman Filtered Compressed Sensing},
 booktitle = {ICASSP},
 year = {2009},
 pages = {393-396},
 numpages = {4},
 acmid = {1584140},
 publisher = {IEEE Computer Society},
 address = {Washington, DC, USA},
}

@article{tofts,
author = {Tofts, Paul and Brix, Gunnar and L. Buckley, David and Evelhoch, Jeffrey and Henderson, E and Knopp, Michael and B.W. Larsson, Henrik and Lee, Ting-Yim and Mayr, Nina and Parker, Geoffrey and Port, Ruediger and Taylor, J Stevenson and M. Weisskoff, Robert},
year = {1999},
month = {09},
pages = {223-32},
title = {Estimating kinetic parameters from dynamic contrast-enhanced T1- weighted MRI of a diffusable tracer: Standardized quantities and symbols},
volume = {10},
number = {3},
journal = {Journal of magnetic resonance imaging},
doi = {10.1002/(SICI)1522-2586(199909)10:3<223::AID-JMRI2>3.0.CO;2-S}
}

@article{rof,
author = {I. Rudin, Leonid and Osher, Stanley and Fatemi, Emad},
year = {1992},
month = {11},
pages = {259-268},
title = {Nonlinear total variation based noise removal algorithms},
volume = {60},
number={1-4},
journal = {Physica D: Nonlinear Phenomena},
doi = {10.1016/0167-2789(92)90242-F}
}

@article{tgv,
author = {Knoll, Florian and Bredies, Kristian and Pock, Thomas and Stollberger, Rudolf},
year = {2011},
month = {02},
pages = {480-91},
title = {Second order total generalized variation (TGV) for MRI},
volume = {65},
number = {2},
journal = {Magnetic Resonance in Medicine},
doi = {10.1002/mrm.22595},
}

@article{smith2013,
author = {Smith, David and Li, Xia and Abramson, Richard and Chad Quarles, C and E Yankeelov, Thomas and Welch, E},
year = {2013},
month = {12},
pages = {633-44},
title = {Potential of compressed sensing in quantitative MR imaging of cancer},
volume = {13},
number = {4},
journal = {Cancer imaging},
doi = {10.1102/1470-7330.2013.0041}
}

@article{smith2011,
author = {Smith, David and Welch, E and Li, Xia and Arlinghaus, Lori and Loveless, Mary and Koyama, Tatsuki and C Gore, John and E Yankeelov, Thomas},
year = {2011},
month = {08},
pages = {4933-46},
title = {Quantitative effects of using compressed sensing in dynamic contrast enhanced MRI},
volume = {56},
number = {15},
journal = {Physics in medicine and biology},
doi = {10.1088/0031-9155/56/15/018}
}

@article{smith2012,
author = {Smith, David and Li, Xia and V Gambrell, James and Arlinghaus, Lori and Chad Quarles, C and E Yankeelov, Thomas and Welch, E},
year = {2012},
month = {02},
pages = {504-11},
title = {Robustness of Quantitative Compressive Sensing MRI: The Effect of Random Undersampling Patterns on Derived Parameters for DCE- and DSC-MRI},
volume = {31},
number = {2},
journal = {IEEE Transactions on medical imaging},
doi = {10.1109/TMI.2011.2172216}
}

@inproceedings{ji2008,
author = {Ji, Jim and Lang, Tao},
year = {2008},
month = {06},
pages = {1613-1616},
title = {Dynamic MRI with compressed sensing imaging using temporal correlations},
booktitle = {IEEE International Symposium on Biomedical Imaging: From Nano to Macro},
publisher={IEEE},
address={Paris, France},
doi = {10.1109/ISBI.2008.4541321}
}

@article{Hamilton,
  title={MR Fingerprinting with chemical exchange ({MRF-X}) to quantify subvoxel {T1} and extracellular volume fraction},
  author={Hamilton, Jesse I and Griswold, Mark A and Seiberlich, Nicole},
  journal={Journal of Cardiovascular Magnetic Resonance},
  volume={17},
  number={1},
  pages={W35},
  year={2015},
  doi={10.1186/1532-429X-17-S1-W35},
  publisher={BioMed Central}
}

@article{Ma_B1_MRF,
author = {Ma, Dan and Coppo, Simone and Chen, Yong and McGivney, Debra F. and Jiang, Yun and Pahwa, Shivani and Gulani, Vikas and Griswold, Mark},
title = {Slice profile and {B1} corrections in {2D} magnetic resonance fingerprinting},
journal = {Magnetic Resonance in Medicine},
volume = {78},
number = {5},
pages = {1781-1789},
year={2017},
keywords = {MR fingerprinting, T1, T2, slice profile correction, B1 correction},
doi = {10.1002/mrm.26580},
}

@inproceedings{keenan_comparison_2016,
  title={Comparison of {T1} measurement using {ISMRM/NIST} system phantom},
  author={Keenan, Kathryn E and Stupic, Karl F and Boss, Michael A and Russek, Stephen E and Chenevert, Thomas L and Prasad, Pottumarthi V and Reddick, Wilburn E and Zheng, Jie and Hu, Peng and Jackson, Edward F},
  booktitle={Proceedings of ISMRM 24th Annual Meeting},
  publisher = {ISMRM},
  address = {Singapore},
  number={3290},
  year={2016}
}

@article{zwart_sdc_2012,
author = {Zwart, Nicholas R. and Johnson, Kenneth O. and Pipe, James G.},
title = {Efficient sample density estimation by combining gridding and an optimized kernel},
journal = {Magnetic Resonance in Medicine},
volume = {67},
number = {3},
pages = {701-710},
keywords = {sample density, non-Cartesian, gridding, weighting},
doi = {10.1002/mrm.23041},
year = {2012},
}

@inproceedings{bart,
  title={Berkeley advanced reconstruction toolbox},
  author={Uecker, Martin and Ong, Frank and Tamir, Jonathan I and Bahri, Dara and Virtue, Patrick and Cheng, Joseph Y and Zhang, Tao and Lustig, Michael},
  booktitle={Proceedings of ISMRM 23rd Annual Meeting},
  volume={23},
  pages={2486},
  year={2015},
  publisher={ISMRM},
  address={Toronto, Ontario, Canada},
}

@article{pipe_spiral_2014,
  title={Spiral trajectory design: {A} flexible numerical algorithm and base analytical equations},
  author={Pipe, James G and Zwart, Nicholas R},
  journal={Magnetic Resonance in Medicine},
  volume={71},
  number={1},
  pages={278-285},
  year={2014},
  doi={10.1002/mrm.24675},
  publisher={Wiley Online Library}
}

@article{bloch,
	title = {Nuclear {Induction}},
	volume = {70},
	issn = {0031-899X},
	number = {7-8},
	urldate = {2019-01-11},
	journal = {Physical Review},
	author = {Bloch, Felix},
	month = oct,
	year = {1946},
	pages = {460--474},
}

@misc{RawArray,
    author = "{Smith, David S.}",
    typeoflit={OL},
    title = "{RawArray} file format reference implementation",
    year = "2018",
    url={http://github.com/davidssmith/ra},
    note = "[Online; accessed 12-May-2018]",
  }

@misc{web,
    author = "{Hargreaves, B.}",
    typeoflit={OL},
    title = "Bloch Equation Simulation",
    year = "2019",
    url={http://mrsrl.stanford.edu/~brian/bloch},
    note = "[Online; accessed 25-January-2019]",
 }

@article{vasilevsy_repro_2013,
 title = {On the reproducibility of science: unique identification of research resources in the biomedical literature},
 author = {Vasilevsky, Nicole A. and Brush, Matthew H. and Paddock, Holly and Ponting, Laura and Tripathy, Shreejoy J. and LaRocca, Gregory M. and Haendel, Melissa A.},
 year = 2013,
 month = sep,
 keywords = {Scientific reproducibility, Materials and Methods, Constructs, Cell lines, Antibodies, Knockdown reagents, Model organisms},
 volume = 1,
 pages = {e148},
 journal = {PeerJ},
 issn = {2167-8359},
 doi = {10.7717/peerj.148},
}

@article {osc_repro_2015,
	author = {{Open Science Collaboration}},
	title = {Estimating the reproducibility of psychological science},
	volume = {349},
	number = {6251},
	elocation-id = {aac4716},
	year = {2015},
	doi = {10.1126/science.aac4716},
	publisher = {American Association for the Advancement of Science},
	issn = {0036-8075},
	journal = {Science},
        pages={aac4716},
}

@article{collins_repro_2014,
  title={Policy: {NIH} plans to enhance reproducibility},
  author={Collins, Francis S and Tabak, Lawrence A},
  journal={Nature},
  volume={505},
  number={7485},
  pages={612--613},
  year={2014},
  doi={10.1038/505612a},
}

@article{chen,
author = {Chen, Liyong and Schabel, Matthias and Dibella, Edward},
year = {2010},
month = {04},
pages = {637-45},
title = {Reconstruction of dynamic contrast enhanced magnetic resonance imaging of the breast with temporal constraints},
volume = {28},
number = {5},
journal = {Magnetic resonance imaging},
doi = {10.1016/j.mri.2010.03.001}
}

@article{begley_repro_2015,
author = {C. Glenn Begley  and John P.A. Ioannidis },
title = {Reproducibility in Science},
journal = {Circulation Research},
volume = {116},
number = {1},
pages = {116-126},
year = {2015},
doi = {10.1161/CIRCRESAHA.114.303819},
}

@article{Sorensen,
  title={Accelerating the nonequispaced fast {Fourier} transform on commodity graphics hardware},
  author={S{\o}rensen, Thomas Sangild and Schaeffter, Tobias and Noe, Karsten {\O}stergaard and Hansen, Michael Schacht},
  journal={IEEE Transactions in Medical Imaging},
  volume={27},
  number={4},
  pages={538--547},
  year={2008},
  doi={10.1109/TMI.2007.909834},
  publisher={IEEE}
}

@article{Knoll,
  title={Fast reduction of undersampling artifacts in radial {MR} angiography with {3D} total variation on graphics hardware},
  author={Knoll, Florian and Unger, Markus and Diwoky, Clemens and Clason, Christian and Pock, Thomas and Stollberger, Rudolf},
  journal={Magetic Resonance Materials in Physics, Biology and Medicine},
  volume={23},
  number={2},
  pages={103--114},
  year={2010},
  doi={10.1007/s10334-010-0207-x},
  publisher={Springer}
}

@article{gpu,
author = {Després, Philippe and Jia, Xun},
year = {2017},
month = {10},
pages = {76-92},
title = {A review of GPU-based medical image reconstruction},
volume = {42},
journal = {Physica Medica},
doi = {10.1016/j.ejmp.2017.07.024}
}

@article{tron,
author = {Smith, David S. and Sengupta, Saikat and Smith, Seth A. and Welch, E. Brian},
title = {Trajectory optimized {NUFFT}: Faster non-{Cartesian} {MRI} reconstruction through prior knowledge and parallel architectures},
journal = {Magnetic Resonance in Medicine},
volume = {81},
number = {3},
pages = {2064-2071},
keywords = {golden angle, gridding, GPU, MRI, radial},
doi = {10.1002/mrm.27497},
year = {2019},
}

@article{cloos2016multiparametric,
  title={Multiparametric imaging with heterogeneous radiofrequency fields},
  author={Cloos, Martijn A and Knoll, Florian and Zhao, Tiejun and Block, Kai T and Bruno, Mary and Wiggins, Graham C and Sodickson, Daniel K},
  doi={10.1038/ncomms12445},
  journal={Nature communications},
  volume={7},
  number={12445},
  page={1--10},
  year={2016},
  publisher={Nature Publishing Group},
}


@article{malik_extended_2018,
	title = {Extended phase graph formalism for systems with magnetization transfer and exchange: {EPG}-{X}: {Extended} {Phase} {Graphs} {With} {Exchange}},
	volume = {80},
	issn = {07403194},
	shorttitle = {Extended phase graph formalism for systems with magnetization transfer and exchange},
	doi = {10.1002/mrm.27040},
	number = {2},
	urldate = {2019-01-11},
	journal = {Magnetic Resonance in Medicine},
	author = {Malik, Shaihan J. and Teixeira, Rui Pedro A.G. and Hajnal, Joseph V.},
	month = aug,
	year = {2018},
	pages = {767--779},
}

@article{esr,
	title = {Magnetic {Resonance} {Fingerprinting}---a promising new approach to obtain standardized imaging biomarkers from {MRI}},
	volume = {6},
	issn = {1869-4101},
	doi = {10.1007/s13244-015-0403-3},
	number = {2},
	urldate = {2019-01-11},
	journal = {Insights into Imaging},
	author = {{European Society of Radiology (ESR)}},
	month = apr,
	year = {2015},
	pages = {163--165},
}

@article{bipin_mehta_magnetic_2019,
	title = {Magnetic resonance fingerprinting: a technical review},
	volume = {81},
	issn = {07403194},
	shorttitle = {Magnetic resonance fingerprinting},
	doi = {10.1002/mrm.27403},
	number = {1},
	urldate = {2019-01-11},
	journal = {Magnetic Resonance in Medicine},
	author = {Bipin Mehta, Bhairav and Coppo, Simone and McGivney, Debra and Hamilton, Jesse and Chen, Yong and Jiang, Yun and Ma, Dan and Seiberlich, Nicole and Gulani, Vikas and Griswold, Mark},
	month = jan,
	year = {2019},
	pages = {25-46},
}

@inproceedings{balsiger2018magnetic,
  title={Magnetic resonance fingerprinting reconstruction via spatiotemporal convolutional neural networks},
  author={Balsiger, Fabian and Konar, Amaresha Shridhar and Chikop, Shivaprasad and Chandran, Vimal and Scheidegger, Olivier and Geethanath, Sairam and Reyes, Mauricio},
  booktitle={International Workshop on Machine Learning for Medical Image Reconstruction},
  pages={39-46},
  year={2018},
  publisher={Springer},
  address={Granada, Spain}
}

@article{cohen2018mr,
  title={MR fingerprinting deep reconstruction network (DRONE)},
  author={Cohen, Ouri and Zhu, Bo and Rosen, Matthew S},
  journal={Magnetic Resonance in Medicine},
  volume={80},
  number={3},
  pages={885--894},
  year={2018},
  publisher={Wiley Online Library}
}

@article{hoppe2017deep,
  title={Deep Learning for Magnetic Resonance Fingerprinting: A New Approach for Predicting Quantitative Parameter Values from Time Series.},
  author={Hoppe, E and K{\"o}rzd{\"o}rfer, G and W{\"u}rfl, T and Wetzl, J and Lugauer, F and Pfeuffer, J and Maier, A},
  journal={Studies in health technology and informatics},
  volume={243},
  pages={202--206},
  year={2017}
}

@article{wang2016magnetic,
  title={Magnetic Resonance Fingerprinting with compressed sensing and distance metric learning},
  author={Wang, Zhe and Li, Hongsheng and Zhang, Qinwei and Yuan, Jing and Wang, Xiaogang},
  journal={Neurocomputing},
  volume={174},
  pages={560-570},
  year={2016},
  publisher={Elsevier},
}

@article{multiscale,
  title={Multiscale reconstruction for MR fingerprinting},
  author={Pierre, Eric Y and Ma, Dan and Chen, Yong and Badve, Chaitra and Griswold, Mark A},
  journal={Magnetic Resonance in Medicine},
  volume={75},
  number={6},
  pages={2481--2492},
  year={2016},
  publisher={Wiley Online Library}
}

@article{cline2017air,
  title={AIR-MRF: accelerated iterative reconstruction for magnetic resonance fingerprinting},
  author={Cline, Christopher C and Chen, Xiao and Mailhe, Boris and Wang, Qiu and Pfeuffer, Josef and Nittka, Mathias and Griswold, Mark A and Speier, Peter and Nadar, Mariappan S},
  journal={Magnetic resonance imaging},
  volume={41},
  pages={29-40},
  year={2017},
  publisher={Elsevier},
}

@article{davies2014compressed,
  title={A compressed sensing framework for magnetic resonance fingerprinting},
  author={Davies, Mike and Puy, Gilles and Vandergheynst, Pierre and Wiaux, Yves},
  journal={SIAM Journal on Imaging Sciences},
  volume={7},
  number={4},
  pages={2623--2656},
  year={2014},
  publisher={SIAM}
}

@article{svdmrf,
author = {Yang, Mingrui and Ma, Dan and Jiang, Yun and Hamilton, Jesse and Seiberlich, Nicole and Griswold, Mark and Mcgivney, Debra},
year = {2017},
month = {08},
pages = {2392-2400},
title = {Low rank approximation methods for MR fingerprinting with large scale dictionaries: Large Scale Low Rank MR Fingerprinting},
volume = {79},
number={4},
journal = {Magnetic Resonance in Medicine},
doi = {10.1002/mrm.26867}
}

@article{groupingmrf,
  title={Fast group matching for MR fingerprinting reconstruction},
  author={Cauley, Stephen F and Setsompop, Kawin and Ma, Dan and Jiang, Yun and Ye, Huihui and Adalsteinsson, Elfar and Griswold, Mark A and Wald, Lawrence L},
  journal={Magnetic Resonance in Medicine},
  volume={74},
  number={2},
  pages={523--528},
  year={2015},
  publisher={Wiley Online Library}
}

@article{weigel,
	title = {Extended phase graphs: {Dephasing}, {RF} pulses, and echoes---pure and simple},
	volume = {41},
	issn = {10531807},
	doi = {10.1002/jmri.24619},
	number = {2},
	urldate = {2019-01-11},
	journal = {Journal of Magnetic Resonance Imaging},
	author = {Weigel, Matthias},
	month = feb,
	year = {2015},
	pages = {266--295},
}

@article{quest,
author = {Jiang, Yun and Ma, Dan and Jerecic, Renate and Duerk, Jeffrey and Seiberlich, Nicole and Gulani, Vikas and Griswold, Mark},
year = {2016},
month = {02},
pages = {979-988},
title = {MR fingerprinting using the quick echo splitting NMR imaging technique},
volume = {77},
number={3},
journal = {Magnetic Resonance in Medicine},
doi = {10.1002/mrm.26173},
}

@article{joint,
author = {Rieger, Benedikt and Zimmer, Fabian and Zapp, Jascha and Weingärtner, Sebastian and Schad, Lothar},
year = {2016},
month = {12},
pages = {1724-1733},
number = {5},
title = {Magnetic resonance fingerprinting using echo-planar imaging: Joint quantification of T1 and T2* relaxation times},
volume = {78},
journal = {Magnetic Resonance in Medicine},
doi = {10.1002/mrm.26561},
}

@misc{snapMRF,
    author = "{Wang, Dong and Ostenson, Jason and Smith, David S.}",
    title = "{snapMRF} repository",
    year = "2019",
    typeoflit={OL},
    url={http://github.com/chixindebaoyu/snapMRF},
    note = "[Online; accessed 03-Mar-2019]"
  }

@article{ussfp,
author = {D Elster, A},
year = {1993},
month = {02},
pages = {1-8},
title = {Gradient-echo MR imaging: Techniques and acronyms},
volume = {186},
number={1},
journal = {Radiology},
doi = {10.1148/radiology.186.1.8416546}
}

@article{jiang,
  title={MR fingerprinting using fast imaging with steady state precession (FISP) with spiral readout},
  author={Jiang, Yun and Ma, Dan and Seiberlich, Nicole and Gulani, Vikas and Griswold, Mark A},
  journal={Magnetic Resonance in Medicine},
  volume={74},
  number={6},
  pages={1621--1631},
  year={2015},
  publisher={Wiley Online Library}
}

@article{mrfreview,
author = {Panda, Ananya and B. Mehta, Bhairav and Coppo, Simone and Jiang, Yun and Ma, Dan and Seiberlich, Nicole and Griswold, Mark and Gulani, Vikas},
year = {2017},
month = {11},
pages = {56-66},
title = {Magnetic Resonance Fingerprinting- An Overview},
volume = {3},
journal = {Current Opinion in Biomedical Engineering},
doi = {10.1016/j.cobme.2017.11.001}
}

@article{mrf,
  title={Magnetic Resonance Fingerprinting},
  author={Ma, D. and Gulani, V. and Seiberlich, N. and Liu, K. and Sunshine, J. L. and Duerk, J. L. and Griswold, M. A.},
  journal={Nature},
  volume={495},
  number={7440},
  pages={187-192},
  year={2013},
}

@article{focuss,
  title={k-t FOCUSS: a general compressed sensing framework for high resolution dynamic MRI.},
  author={Hong, Jung and Kyunghyun, Sung and Nayak, Krishna S, and Eung Yeop, Kim and Jong Chul, Ye},
  journal={Magnetic Resonance in Medicine},
  volume={61},
  number={1},
  pages={103-116},
  year={2010},
}

@article{admmnet,
  title={ADMM-Net: A Deep Learning Approach for Compressive Sensing MRI},
  author={Yang, Yan and Sun, Jian and Li, Huibin and Xu, Zongben},
  journal={arXiv},
  pages={1705.06869},
  year={2017}
}

@article{gannet,
  title={Compressed Sensing MRI Reconstruction Using a Generative Adversarial Network With a Cyclic Loss},
  author={Quan, Tran Minh and Nguyen-Duc, Thanh and Jeong, Won Ki},
  journal={IEEE Transactions on Medical Imaging},
  volume={37},
  number={6},
  pages={1488-1497},
  year={2018},
}

@article{varnet,
author = {Hammernik, Kerstin and Klatzer, Teresa and Kobler, Erich and P Recht, Michael and Sodickson, Daniel and Pock, Thomas and Knoll, Florian},
year = {2017},
month = {04},
pages = {3055-3071},
title = {Learning a Variational Network for Reconstruction of Accelerated MRI Data},
volume = {79},
number={6},
journal = {Magnetic Resonance in Medicine},
doi = {10.1002/mrm.26977}
}

@article{unetcs,
author = {Hyun, Chang and Kim, Hwa and Min Lee, Sung and Leey, Sungchul and Seo, Jin},
year = {2017},
month = {09},
pages = {135007},
title = {Deep learning for undersampled MRI reconstruction},
volume = {63},
number={13},
journal = {Physics in Medicine and Biology},
doi = {10.1088/1361-6560/aac71a}
}

@inproceedings{tree,
  title={Compressive sensing MRI with wavelet tree sparsity},
  author={Chen, Chen and Huang, Junzhou},
  booktitle={Advances in neural information processing systems},
  publisher={NIPS},
  pages={1115-1123},
  year={2012},
  address={Nevada},
}

@article{ksvd,
  title={K-SVD: An Algorithm for Designing Overcomplete Dictionaries for Sparse Representation},
  author={Aharon, M. and Elad, M. and Bruckstein, A.},
  journal={IEEE Transactions on Signal Processing},
  volume={54},
  number={11},
  pages={4311-4322},
  year={2006},
}

@article{Huang2011Efficient,
  title={Efficient MR Image Reconstruction for Compressed MR Imaging},
  author={Huang, Junzhou and Zhang, Shaoting and Metaxas, Dimitris},
  journal={Medical Image Analysis},
  volume={15},
  number={5},
  pages={670-679},
  year={2011},
}

@article{dlmri,
  title={MR image reconstruction from highly undersampled k-space data by dictionary learning},
  author={Saiprasad, Ravishankar and Yoram, Bresler},
  journal={IEEE Transactions on Medical Imaging},
  volume={30},
  number={5},
  pages={1028-1041},
  year={2011},
}

@article{Yang2010A,
  title={A Fast Alternating Direction Method for TVL1-L2 Signal Reconstruction From Partial Fourier Data},
  author={Yang, Junfeng and Yin, Zhang and Yin, Wotao},
  journal={IEEE Journal of Selected Topics in Signal Processing},
  volume={4},
  number={2},
  pages={288-297},
  year={2010},
}

@inproceedings{tvcmri,
author = {Ma, Shiqian and Yin, Wotao and Zhang, Yin and Chakraborty, Amit},
year = {2008},
month = {07},
pages = {1-8},
title = {An efficient algorithm for compressed MR imaging using total variation and wavelets},
isbn = {978-1-4244-2242-5},
booktitle = {Proceedings IEEE Conference on Computer Vision Pattern Recognition},
publisher={IEEE},
address={Anchorage, AK, USA},
}

@article{fista,
author = {Beck, Amir and Teboulle, Marc},
year = {2009},
month = {01},
pages = {183-202},
title = {A Fast Iterative Shrinkage-Thresholding Algorithm for Linear Inverse Problems},
volume = {2},
number={1},
journal = {SIAM J. Imaging Sciences},
doi = {10.1137/080716542},
}

@book{proximal,
author = {H. Bauschke, Heinz and Combettes, Patrick},
year = {2011},
month = {01},
title = {Convex Analysis and Monotone Operator Theory in Hilbert Space},
volumn={408},
address={New York},
publisher={Springer},
doi = {10.1007/978-1-4419-9467-7},
}

@article{fbs,
author = {Combettes, Patrick and R. Wajs, Valérie},
year = {2005},
month = {01},
pages = {1168-1200},
number={4},
title = {Signal Recovery by Proximal Forward-Backward Splitting},
volume = {4},
journal={Multiscale Modeling \& Simulation},
doi = {10.1137/050626090},
}

@article{admm,
author = {Wang, Yilun and Yang, Junfeng and Yin, Wotao and Zhang, Yin},
year = {2008},
month = {01},
pages = {248-272},
title = {A New Alternating Minimization Algorithm for Total Variation Image Reconstruction},
volume = {1},
number={3},
journal = {SIAM J. Imaging Sciences},
doi = {10.1137/080724265},
}

@article{dr,
author = {Combettes, Patrick and Pesquet, Jean-Christophe},
year = {2008},
month = {01},
pages = {564-574},
title = {A Douglas–Rachford Splitting Approach to Nonsmooth Convex Variational Signal Recovery},
volume = {1},
number={4},
journal={IEEE Journal of Selected Topics in Signal Processing},
doi = {10.1109/JSTSP.2007.910264},
}

@article{pd,
author = {Chambolle, Antonin and Pock, Thomas},
year = {2011},
month = {05},
pages = {120-145},
number={1},
title = {A First-Order Primal-Dual Algorithm for Convex Problems with Applications to Imaging},
volume = {40},
journal = {Journal of Mathematical Imaging and Vision},
doi = {10.1007/s10851-010-0251-1},
}

@article{sb,
author = {Goldstein, Tom and Osher, Stanley},
year = {2009},
month = {01},
pages = {323-343},
title = {The Split Bregman Method for L1-Regularized Problems},
volume = {2},
number={2},
journal = {SIAM J. Imaging Sciences},
doi = {10.1137/080725891},
}

@inproceedings{bp,
  title={Basis pursuit},
  author={Chen, Shoaling and Donoho, David},
  booktitle={Proceedings of 1994 28th Asilomar Conference on Signals, Systems and Computers},
  volume={1},
  pages={41-44},
  year={1994},
  publisher={IEEE},
  address={Pacific Grove, CA, USA},
}

@article{cosamp,
author = {Needell, Deanna and Tropp, J.A.},
year = {2008},
month = {04},
pages = {301-321},
title = {CoSaMP: iterative signal recovery from incomplete and inaccurate samples.},
volume = {26},
number={3},
journal = {Applied and Computational Harmonic Analysis},
doi = {10.1016/j.acha.2008.07.002},
}

@article{Madore,
author = {Madore, Bruno and H. Glover, Gary and Pelc, Norbert},
year = {1999},
month = {12},
pages = {813-828},
title = {Unaliasing by Fourier-Encoding the overlaps using temporal dimension (UNFOLD), applied to cardiac imaging and fMRI.},
volume = {42},
number={5},
journal = {Magnetic Resonance in Medicine},
doi = {10.1002/(SICI)1522-2594(199911)42:53.3.CO;2-J},
}

@article{Tsao,
author = {Tsao, Jeffrey and Boesiger, Peter and P Pruessmann, Klaas},
year = {2003},
month = {11},
pages = {1031-1042},
title = {k-t BLAST and k-t SENSE: Dynamic MRI with high frame rate exploiting spatiotemporal correlations},
volume = {50},
number={5},
journal = {Magnetic Resonance in Medicine},
doi = {10.1002/mrm.10611},
}

@article{McGibney,
author = {McGibney, G and Smith, Michael and T Nichols, S and Crawley, A},
year = {1993},
month = {07},
pages = {51-59},
title = {Quantitative Evaluation of Several Partial Fourier Reconstruction Algorithms Used in MRI},
volume = {30},
number={1},
journal = {Magnetic Resonance in Medicine},
doi = {10.1002/mrm.1910300109},
}

@article{Tsai,
author = {Tsai, Chi‐Ming and G. Nishimura, Dwight},
year = {2000},
month = {04},
pages = {452-845},
title = {Reduced aliasing artifacts using variable-density k-space sampling trajectories},
volume = {43},
number={3},
journal = {Magnetic Resonance in Medicine},
doi = {10.1002/(SICI)1522-2594(200003)43:33.0.CO;2-B},
}

@article{Marseille,
author = {Marseille, G and de Beer, R and Fuderer, Miha and van Ormondt, D},
year = {1996},
month = {05},
pages = {70-75},
title = {Nonuniform Phase-Encode Distributions for MRI Scan Time Reduction},
volume = {111},
number={1},
journal = {Journal of Magnetic Resonance Series B},
doi = {10.1006/jmrb.1996.0061},
}

@article{Greiser,
author = {Greiser, Andreas and von Kienlin, Markus},
year = {2003},
month = {12},
pages = {1266-1275},
title = {Efficient k-Space Sampling by Density-Weighted Phase-Encoding},
volume = {50},
number={6},
journal = {Magnetic Resonance in Medicine},
doi = {10.1002/mrm.10647}
}

@article{smash,
author = {Sodickson, Daniel and J. Manning, Warren},
year = {1997},
month = {10},
pages = {591-603},
title = {Simultaneous acquisition of spatial harmonics (SMASH): Fast imaging with radiofrequency coil arrays},
volume = {38},
number={4},
journal = {Magnetic Resonance in Medicine},
doi = {10.1002/mrm.1910380414}
}

@article{sense,
author = {P. Pruessmann, Klaas and Weiger, Markus and Scheidegger, Milan and Boesiger, Peter},
year = {1999},
month = {12},
pages = {952-962},
title = {SENSE: sensitivity encoding for fast MRI},
volume = {42},
number={5},
journal = {Magnetic Resonance in Medicine},
doi = {10.1002/(SICI)1522-2594(199911)42:53.0.CO;2-S}
}

@article{grappa,
author = {Griswold, Mark and Jakob, Peter and Heidemann, Robin and Nittka, Mathias and Jellus, Vladimir and Wang, Jianmin and Kiefer, Berthold and Haase, Axel},
year = {2002},
month = {06},
pages = {1202-1210},
title = {Generalized Autocalibrating Partially Parallel Acquisitions (GRAPPA)},
volume = {47},
number={6},
journal = {Magnetic Resonance in Medicine},
doi = {10.1002/mrm.10171},
}

@article{Nyquist,
author = {Shannon, C.E.},
year = {1949},
month = {02},
pages = {10-21},
title = {Communication In The Presence Of Noise},
volume = {86},
number={2},
journal = {Proceedings of the IRE},
doi = {10.1109/JRPROC.1949.232969},
}

@article{candes2004near,
  title={Near optimal signal recovery from random projections: Universal encoding strategies?},
  author={Cand{\`e}s, Emmanuel and Tao, Terence},
  journal={arXiv},
  pages={0410542},
  year={2004}
}

@article{candes2006stable,
  title={Stable signal recovery from incomplete and inaccurate measurements},
  author={Cand{\`e}s, Emmanuel J and Romberg, Justin K and Tao, Terence},
  journal={Communications on Pure and Applied Mathematics},
  volume={59},
  number={8},
  pages={1207--1223},
  year={2006},
  publisher={Wiley Online Library}
}

@inproceedings{candes2006compressive,
  title={Compressive sampling},
  author={Cand{\`e}s, Emmanuel J and others},
  booktitle={Proceedings of the international congress of mathematicians},
  volume={3},
  pages={1433--1452},
  year={2006},
  publisher={EMS},
  address={Madrid, Spain}
}

@article{candes2006quantitative,
  title={Quantitative robust uncertainty principles and optimally sparse decompositions},
  author={Cand{\`e}s, Emmanuel J and Romberg, Justin},
  journal={Foundations of Computational Mathematics},
  volume={6},
  number={2},
  pages={227--254},
  year={2006},
  publisher={Springer}
}

@article{Lustig2010Sparse,
  title={Sparse MRI: The application of compressed sensing for rapid MR imaging},
  author={Lustig, Michael and Donoho, David and Pauly, John M.},
  journal={Magnetic Resonance in Medicine},
  volume={58},
  number={6},
  pages={1182-1195},
  year={2010},
}

@article{王艾博2016DCE,
  title={DCE-MRI原理及临床应用情况},
  author={王艾博 and 边杰},
  journal={中国临床医学影像杂志},
  volume={27},
  number={6},
  pages={435-438},
  year={2016},
}

@article{Choyke2003,
  title={Functional tumor imaging with dynamic contrast-enhanced magnetic resonance imaging.},
  author={Choyke, Peter L, and Dwyer, Andrew J, and Knopp, Michael V,},
  journal={Journal of Magnetic Resonance Imaging},
  volume={17},
  number={5},
  pages={509},
  year={2003},
}

@article{Yankeelov2009,
  title={Dynamic Contrast Enhanced Magnetic Resonance Imaging in Oncology: Theory, Data Acquisition, Analysis, and Examples.},
  author={Yankeelov, T. E. and Gore, J. C.},
  journal={Curr Med Imaging Rev},
  volume={3},
  number={2},
  pages={91-107},
  year={2009},
}

@article{van1993,
  title={Keyhole method for accelerating imaging of contrast agent uptake},
  author={van Vaals, J. J. and Brummer, M. E. and Dixon, W. T. and Tuithof, H. H. and Engels, H and Nelson, R. C. and Gerety, B. M. and Chezmar, J. L. and den Boer, J. A.},
  journal={Journal of Magnetic Resonance Imaging},
  volume={3},
  number={4},
  pages={671-675},
  year={1993},
}

@article{Hong2010k,
  title={k-t FOCUSS: a general compressed sensing framework for high resolution dynamic MRI.},
  author={Hong, Jung and Kyunghyun, Sung and Nayak, Krishna S, and Eung Yeop, Kim and Jong Chul, Ye},
  journal={Magnetic Resonance in Medicine},
  volume={61},
  number={1},
  pages={103-116},
  year={2010},
}

@article{Jeffrey2003k,
  title={k-t BLAST and k-t SENSE: dynamic MRI with high frame rate exploiting spatiotemporal correlations.},
  author={Jeffrey, Tsao and Peter, Boesiger and Pruessmann, Klaas P,},
  journal={Magnetic Resonance in Medicine},
  volume={50},
  number={5},
  pages={1031–1042},
  year={2003},
}

@article{Donoho2006Compressed,
  title={Compressed sensing},
  author={Donoho, D. L.},
  journal={IEEE Transactions on Information Theory},
  volume={52},
  number={4},
  pages={1289-1306},
  year={2006},
}

@article{Candes2006Robust,
  title={Robust uncertainty principles: exact signal reconstruction from highly incomplete frequency information},
  author={Cand{\`e}s, Emmanuel J and Romberg, Justin and Tao, Terence},
  journal={IEEE Transactions on Information Theory},
  volume={52},
  number={2},
  pages={489-509},
  year={2006},
  publisher={IEEE}
}

@article{lpluss,
  title={Low-rank plus sparse matrix decomposition for accelerated dynamic MRI with separation of background and dynamic components},
  author={Ricardo, Otazo and Emmanuel, Candès and Sodickson, Daniel K,},
  journal={Magnetic Resonance in Medicine},
  volume={73},
  number={3},
  pages={1125-1136},
  year={2015},
}

@article{han,
author = {Han, SoHyun and Paulsen, Jeffrey and Zhu, Gang and Song, Youngkyu and Chun, Song-I and Cho, Gyunggoo and Ackerstaff, Ellen and A Koutcher, Jason and Cho, Hyungjoon},
year = {2012},
month = {03},
pages = {741-52},
title = {Temporal/spatial resolution improvement of in vivo DCE-MRI with compressed sensing-optimized FLASH},
volume = {30},
number = {6},
journal = {Magnetic resonance imaging},
doi = {10.1016/j.mri.2012.02.001}
}

@article{Sajan2011Accelerated,
  title={Accelerated dynamic MRI exploiting sparsity and low-rank structure: k-t SLR},
  author={Sajan Goud, Lingala and Yue, Hu and Edward, Di Bella and Mathews, Jacob},
  journal={IEEE Transactions on Medical Imaging},
  volume={30},
  number={5},
  pages={1042-1054},
  year={2011},
}

@inproceedings{lustig2006,
  title={kt SPARSE: High frame rate dynamic MRI exploiting spatio-temporal sparsity},
  author={Lustig, Michael and Santos, Juan M and Donoho, David L and Pauly, John M},
  publisher={ISMRM},
  volume={2420},
  year={2006},
  address={Seattle, WA, USA},
  booktitle={Proceedings of the 13th Annual Meeting of ISMRM},
}

@article{igrasp,
author = {Feng, Li and Grimm, Robert and Tobias Block, Kai and Chandarana, Hersh and Kim, Sungheon and Xu, Jian and Axel, Leon and Sodickson, Daniel and Otazo, Ricardo},
year = {2014},
month = {09},
pages = {707-717},
title = {Golden-Angle Radial Sparse Parallel MRI: Combination of Compressed Sensing, Parallel Imaging, and Golden-Angle Radial Sampling for Fast and Flexible Dynamic Volumetric MRI},
volume = {72},
number = {3},
journal = {Magnetic Resonance in Medicine},
doi = {10.1002/mrm.24980},
}

@article{Lustig2008Compressed,
  title={Compressed Sensing MRI},
  author={Lustig, Michael and Donoho, David L. and Santos, Juan M. and Pauly, John M.},
  journal={IEEE Signal Processing Magazine},
  volume={25},
  number={2},
  pages={72-82},
  year={2008},
}

@article{xia,
author = {Li, Xia and Abramson, Richard and Arlinghaus, Lori and Kang, Hakmook and Chakravarthy, Bapsi and G Abramson, Vandana and Farley, Jaime and Mayer, Ingrid and C Kelley, Mark and M Meszoely, Ingrid and Means-Powell, Julie and M Grau, Ana and Sanders, Melinda and E Yankeelov, Thomas},
year = {2014},
month = {10},
pages = {195-204},
title = {Multiparametric Magnetic Resonance Imaging for Predicting Pathological Response After the First Cycle of Neoadjuvant Chemotherapy in Breast Cancer},
volume = {50},
number={4},
journal = {Investigative radiology},
doi = {10.1097/RLI.0000000000000100},
}

@article{Smith2015,
author = {Smith, David and Li, Xia and Arlinghaus, Lori and E Yankeelov, Thomas and Welch, E},
year = {2015},
month = {04},
pages = {e909},
title = {DCEMRI.jl: A fast, validated, open source toolkit for dynamic contrast enhanced MRI analysis},
volume = {3},
journal = {PeerJ},
doi = {10.7717/peerj.909}
}

@misc{qetsr,
    author = {Wang, Dong},
    title = {Quantitative Evaluation of Temporal Regularizers in Compressed Sensing Dynamic Contrast Enhanced MRI of the Breast},
    year = {2017},
    typeoflit={OL},
    url={https://github.com/chixindebaoyu/qetsr},
    note = {[Online; accessed 25-June-2017]},
  }


